@article{turner2005improved,
  title={Improved biclustering of microarray data demonstrated through systematic performance tests},
  author={Turner, Heather and Bailey, Trevor and Krzanowski, Wojtek},
  journal={Computational statistics \& data analysis},
  volume={48},
  number={2},
  pages={235--254},
  year={2005},
  publisher={Elsevier}
}

@article{lazzeroni2002plaid,
  title={Plaid models for gene expression data},
  author={Lazzeroni, Laura and Owen, Art},
  journal={Statistica sinica},
  pages={61--86},
  year={2002},
  publisher={JSTOR}
}

@article{luo2013pathview,
  title={Pathview: an R/Bioconductor package for pathway-based data integration and visualization},
  author={Luo, Weijun and Brouwer, Cory},
  journal={Bioinformatics},
  volume={29},
  number={14},
  pages={1830--1831},
  year={2013},
  publisher={Oxford University Press}
}

@book{breiman1984classification,
  title={Classification and regression trees},
  author={Breiman, Leo and Friedman, Jerome and Stone, Charles J and Olshen, Richard A},
  journal={CRC},
  year={1984},
  publisher={press}
}

@article{atkinson2000introduction,
  title={An introduction to recursive partitioning using the RPART routines},
  author={Atkinson, Elizabeth J and Therneau, Terry M},
  journal={Rochester: Mayo Foundation},
  year={2000}
}

@article{fisher1922interpretation,
  title={On the interpretation of $\chi$ 2 from contingency tables, and the calculation of P},
  author={Fisher, Ronald A},
  journal={Journal of the Royal Statistical Society},
  volume={85},
  number={1},
  pages={87--94},
  year={1922},
  publisher={JSTOR}
}

@article{fisher1956mathematics,
  title={Mathematics of a lady tasting tea},
  author={Fisher, Ronald A},
  journal={The world of mathematics},
  volume={3},
  pages={1512--1521},
  year={1956},
  publisher={Simon \& Schuster, Inc New York}
}

@article{upton1992fisher,
  title={Fisher's exact test},
  author={Upton, Graham JG},
  journal={Journal of the Royal Statistical Society. Series A (Statistics in Society)},
  pages={395--402},
  year={1992},
  publisher={JSTOR}
}


